@article{DBLP:journals/corr/KangCSC14,
  author    = {Xin Kang and
               Yeow{-}Khiang Chia and
               Sumei Sun and
               Hon Fah Chong},
  title     = {Mobile Data Offloading through {A} Third-Party WiFi Access Point:
               An Operator's Perspective},
  journal   = {CoRR},
  volume    = {abs/1408.5245},
  year      = {2014},
  timestamp = {Fri, 12 Sep 2014 12:44:21 +0200},
  biburl    = {http://dblp.uni-trier.de/rec/bib/journals/corr/KangCSC14},
  bibsource = {dblp computer science bibliography, http://dblp.org}
}

@article{fehske2011global,
  title={The global footprint of mobile communications: The ecological and economic perspective},
  author={Fehske, Albrecht and Fettweis, Gerhard and Malmodin, Jens and Bicz{\'o}k, Gergely},
  journal={Communications Magazine, IEEE},
  volume={49},
  number={8},
  pages={55--62},
  year={2011},
  publisher={IEEE}
}
@inproceedings{6488515,
author={Jong-Hyouk Lee and Bonnin, J. and Lagrange, X.},
booktitle={IEEE CCNC},
title={Host-based distributed mobility management: Example of traffic offloading},
year={2013},
month={Jan},
pages={637-640},
keywords={3G mobile communication;IP networks;cellular radio;mobility management (mobile radio);telecommunication traffic;3GPP core network architecture;IP flow mobility;cellular networks;host-based distributed mobility management protocol;traffic offloading;wireless communication;Electronic mail;IEEE 802.11 Standards;IP networks;Manganese;Mobile radio mobility management;Protocols},
doi={10.1109/CCNC.2013.6488515},}

@inproceedings{ranjan2014user,
  title={User-based integrated offloading approach for 3GPP LTE-WLAN network},
  author={Ranjan, Shashi and Akhtar, Nadeem and Mehta, Mahima and Karandikar, Abhay},
  booktitle={Communications (NCC), 2014 Twentieth National Conference on},
  pages={1--6},
  year={2014},
  organization={IEEE}
}
@article{lai1994topsis,
  title={Topsis for MODM},
  author={Lai, Young-Jou and Liu, Ting-Yun and Hwang, Ching-Lai},
  journal={European Journal of Operational Research},
  volume={76},
  number={3},
  pages={486--500},
  year={1994},
  publisher={Elsevier}
}

@inproceedings{yeh2013qos,
  title={QoS Aware Scheduling and Cross-Radio Coordination in Multi-Radio Heterogeneous Networks},
  author={Yeh, Shu-ping and Panah, Ali Y and Himayat, Nageen and Talwar, Shilpa},
  booktitle={VTC Fall, 2013 IEEE 78th},
  pages={1--6},
  year={2013},
  organization={IEEE}
} 
@article{sou2013mobile,
  title={Mobile data offloading with policy and charging control in 3GPP core network},
  author={Sou and Sok-Ian},
  journal={IEEE Transactions on Vehicular Technology},
  volume={62},
  number={7},
  pages={3481--3486},
  year={2013},
  publisher={IEEE}
}

@inproceedings{lee2010mobile,
  title={Mobile data offloading: how much can WiFi deliver?},
  author={Lee and Kyunghan and Lee, Joohyun and Yi, Yung and Rhee, Injong and Chong, Song},
  booktitle={Proceedings of the 6th International COnference},
  pages={26},
  year={2010},
  organization={ACM}
}

@online{cicso_vni,
  author = {},
  title = {{T}he {M}obile {N}etwork in 2014},
  url= {http://www.cisco.com/c/en/us/solutions/collateral/service-provider/visual-networking-index-vni/white_paper_c11-520862.html},
  year = {}, 
}

@online{rp150481,
  author = {Intel Corp},
  title = {{LTE-WLAN Radio Level Integration and Interworking Enhancement}},
  url= {http://www.3gpp.org/DynaReport/TDocExMtg--RP-67--31196.htm},
  year = {2014}, 
}
@online{R3151743,
  author = {Nokia Networks},
  title = {{Support for LTE-WLAN Aggregation and Interworking Enhancement, 2015}},
  url= {http://www.3gpp.org/ftp/Meetings_3GPP_SYNC/RAN3/Inbox/},
  year = {}, 
}
@online{3gpp_iwk,
  author = {Intel Corporation, China Telecom, Qualcomm Incorporated},
  title = {{LTE-WLAN Radio Level Integration and Interworking Enhancement, 2015}},
  url= {www.3gpp.org/ftp/meetings_3gpp_sync/ran/Inbox/RP-150510.zip},
  year = {}, 
}
@online{TS36842,
  author = {3GPP},
  title = {{Study on Small Cell enhancements for E-UTRA and E-UTRAN, 2015}},
  url= { http://www.3gpp.org/ftp/Specs/archive/36_series/36.842/36842-c00.zip},
  year = {}, 
}

@online{RP150180,
  author = {QualComm},
  title = {{Motivation for LTE-WiFi Aggregation, March 2015}},
  url= {http://www.3gpp.org/DynaReport/TDocExMtg--RP-67--31196.htm},
  year = {}, 
}

@online{ns3,
  author = {},
  title = {{NS-3 Simulator}},
  url= {https://www.nsnam.org/},
}

@ARTICLE{7060499,
author={Ling, J. and Kanugovi, S. and Vasudevan, S. and Pramod, A.},
journal={IEEE Communications Magazine},
title={Enhanced capacity and coverage by Wi-Fi LTE integration},
year={2015},
month={March},
volume={53},
number={3},
pages={165-171},
keywords={Long Term Evolution;wireless LAN;Wi-Fi LTE integration;Wi-Fi interface;broadband cellular networks;contention based protocol delays;cost-effective data capacity;enhanced capacity;enhanced coverage;media access protocol;uplink redirection;Downlink;IEEE 802.11 Standards;Long Term Evolution;Servers;Uplink},
doi={10.1109/MCOM.2015.7060499},
ISSN={0163-6804},}

@article{ali2009network,
  title={Network-based mobility management in the evolved 3GPP core network},
  author={Ali, Irfan and Casati, Alessio and Chowdhury, Kuntal and Nishida, Katsutoshi and Parsons, Eric and Schmid, Stefan and Vaidya, Rahul},
  journal={Communications Magazine, IEEE},
  volume={47},
  number={2},
  pages={58--66},
  year={2009},
  publisher={IEEE}
}
@inproceedings{lagrange2014very,
  title={{Very tight coupling between LTE and Wi-Fi for advanced offloading procedures}},
  author={Lagrange, Xavier},
  booktitle={Wireless Communications and Networking Conference Workshops (WCNCW)},
  year={2014},
  organization={}
}
@INPROCEEDINGS{7444757,
author={Y. Khadraoui and X. Lagrange and A. Gravey},
booktitle={2016 13th IEEE Annual Consumer Communications Networking Conference (CCNC)},
title={Performance analysis of LTE-WiFi very tight coupling},
year={2016},
doi={10.1109/CCNC.2016.7444757},
month={Jan},}

@online{SWIP50,
  author = {T {Bheemarjuna Reddy} and {Antony Franklin A} and {Thomas V Pasca}},
  title = {{Traffic steering strategies for LTE-Wi-Fi aggregation}},
  url= {http://tsdsi.org/standards/swip/50/},
  year = {}, 
}

@online{lwip3gpp,
  author = {},
  title = {{LTE/WLAN Radio Level Integration Using IPsec Tunnel (LWIP) encapsulation; Protocol specification}},
  url= {http://www.3gpp.org/DynaReport/36361.htm},
  year = {}, 
}
@article{bianchi2000performance,
  title={Performance analysis of the IEEE 802.11 distributed coordination function},
  author={Bianchi, Giuseppe},
  journal={Selected Areas in Communications, IEEE Journal on},
  volume={18},
  number={3},
  pages={535--547},
  year={2000},
  publisher={IEEE}
}

@online{36300,
  author = {},
  title = {{LTE-WLAN Aggregation and RAN Controlled LTE-WLAN Interworking, 2016}},
  url= {http://www.3gpp.org/DynaReport/36300.htm},
  year = {}, 
}
@online{thirdgpp,
title = {{3GPP} - {T}hird {G}eneration {P}artnership {P}roject.},
url = {http://www.3gpp.org/}
}